<?xml version="1.0" encoding="UTF-8"?><collection xmlns="http://www.loc.gov/MARC21/slim"><record><leader>00373nam--2200145-i-4500</leader><controlfield tag="001">000002739</controlfield><controlfield tag="002">20161230</controlfield><controlfield tag="005">20161230201025</controlfield><controlfield tag="008">060222s1000------------r-----000-0-eng-d</controlfield><datafield ind1=" " ind2=" " tag="080"><subfield code="a">621.38.049.7</subfield></datafield><datafield ind1=" " ind2=" " tag="245"><subfield code="a">Components handbook</subfield></datafield><datafield ind1=" " ind2=" " tag="260"><subfield code="a">New York, Mcgraw-hill, 1949. Xvii + 626 P</subfield></datafield><datafield ind1=" " ind2=" " tag="490"><subfield code="a">Mit Radiation Lab. Series 17</subfield></datafield><datafield ind1=" " ind2=" " tag="700"><subfield code="a">Blackburn, John F</subfield></datafield><datafield ind1=" " ind2=" " tag="852"><subfield code="a">10604</subfield></datafield></record></collection>